<record><leader>00000cas a2200000 a 4500</leader><controlfield tag="001">9454554</controlfield><controlfield tag="008">830427d17971804nyudn ne      0    0eng c</controlfield><datafield ind1=" " ind2=" " tag="010"><subfield code="a">sn 83030435 </subfield></datafield><datafield ind1=" " ind2=" " tag="040"><subfield code="a">NPU</subfield><subfield code="b">eng</subfield><subfield code="c">NPU</subfield><subfield code="d">NYG</subfield><subfield code="d">NPV</subfield><subfield code="d">NPW</subfield><subfield code="d">NPA</subfield><subfield code="d">DLC</subfield><subfield code="d">NPX</subfield><subfield code="d">OCL</subfield><subfield code="d">NJW</subfield><subfield code="d">KNP</subfield><subfield code="d">NYG</subfield><subfield code="d">KNP</subfield><subfield code="d">HUL</subfield><subfield code="d">NYS</subfield><subfield code="d">NVK</subfield><subfield code="d">CRL</subfield><subfield code="d">CVF</subfield><subfield code="d">NYS</subfield><subfield code="d">DLC</subfield><subfield code="d">NYS</subfield><subfield code="d">OCLCQ</subfield><subfield code="d">OCLCG</subfield><subfield code="d">KRTAS</subfield><subfield code="d">OCLCQ</subfield><subfield code="d">OCLCF</subfield><subfield code="d">OCLCO</subfield></datafield><datafield ind1=" " ind2=" " tag="019"><subfield code="a">9357315</subfield></datafield><datafield ind1="1" ind2=" " tag="029"><subfield code="a">AU@</subfield><subfield code="b">000020414039</subfield></datafield><datafield ind1=" " ind2=" " tag="042"><subfield code="a">pcc</subfield></datafield><datafield ind1=" " ind2=" " tag="043"><subfield code="a">n-us-ny</subfield></datafield><datafield ind1="0" ind2="0" tag="050"><subfield code="a">Newspaper</subfield></datafield><datafield ind1="0" ind2=" " tag="130"><subfield code="a">Commercial advertiser (New York, N.Y. : 1797)</subfield></datafield><datafield ind1="1" ind2="0" tag="245"><subfield code="a">Commercial advertiser.</subfield></datafield><datafield ind1=" " ind2=" " tag="260"><subfield code="a">New-York [N.Y.] :</subfield><subfield code="b">Geo. F. Hopkins,</subfield><subfield code="c">1797-1804.</subfield></datafield><datafield ind1=" " ind2=" " tag="300"><subfield code="a">7 v. :</subfield><subfield code="b">ill. ;</subfield><subfield code="c">53 cm.</subfield></datafield><datafield ind1=" " ind2=" " tag="310"><subfield code="a">Daily (except Sunday)</subfield></datafield><datafield ind1="0" ind2=" " tag="362"><subfield code="a">Vol. 1, no. 1 (Oct. 2, 1797)-v. 7, no. 1939 (Jan. 10, 1804).</subfield></datafield><datafield ind1=" " ind2=" " tag="500"><subfield code="a">Imprint varies: Published by E. Belden &amp; Co., 1799-1803; Printed, for the proprietor, by J. Mills, 1803-1804.</subfield></datafield><datafield ind1=" " ind2=" " tag="525"><subfield code="a">Some issues accompanied by supplements.</subfield></datafield><datafield ind1=" " ind2=" " tag="530"><subfield code="a">Also issued in microform from Readex Microprint Corp. and the New York Public Library.</subfield></datafield><datafield ind1=" " ind2=" " tag="580"><subfield code="a">Semiweekly ed.: Spectator (New-York, N.Y. : 1797).</subfield></datafield><datafield ind1=" " ind2="0" tag="651"><subfield code="a">New York (N.Y.)</subfield><subfield code="v">Newspapers.</subfield></datafield><datafield ind1=" " ind2="0" tag="651"><subfield code="a">New York County (N.Y.)</subfield><subfield code="v">Newspapers.</subfield></datafield><datafield ind1=" " ind2="7" tag="655"><subfield code="a">Newspapers.</subfield><subfield code="2">fast</subfield><subfield code="0">(OCoLC)fst01423814</subfield></datafield><datafield ind1=" " ind2="7" tag="651"><subfield code="a">New York (State)</subfield><subfield code="z">New York.</subfield><subfield code="2">fast</subfield><subfield code="0">(OCoLC)fst01204333</subfield></datafield><datafield ind1=" " ind2="7" tag="651"><subfield code="a">New York (State)</subfield><subfield code="z">New York County.</subfield><subfield code="2">fast</subfield><subfield code="0">(OCoLC)fst01234953</subfield></datafield><datafield ind1="1" ind2=" " tag="700"><subfield code="a">Hopkins, George F.</subfield><subfield code="q">(George Folliet),</subfield><subfield code="d">1769-1848.</subfield></datafield><datafield ind1="1" ind2=" " tag="700"><subfield code="a">Webster, Noah,</subfield><subfield code="d">1758-1843.</subfield></datafield><datafield ind1="1" ind2=" " tag="700"><subfield code="a">Belden, Ebenezer,</subfield><subfield code="d">1778-1826.</subfield></datafield><datafield ind1="1" ind2=" " tag="700"><subfield code="a">Lewis, Zechariah,</subfield><subfield code="d">1773-1840.</subfield></datafield><datafield ind1=" " ind2=" " tag="752"><subfield code="a">United States</subfield><subfield code="b">New York</subfield><subfield code="c">New York</subfield><subfield code="d">New York.</subfield></datafield><datafield ind1="1" ind2=" " tag="775"><subfield code="t">Spectator (New York, N.Y. : 1797)</subfield><subfield code="w">(DLC)sn 83030559</subfield><subfield code="w">(OCoLC)9596885</subfield></datafield><datafield ind1="0" ind2=" " tag="776"><subfield code="c">Microfilm</subfield><subfield code="d">Readex</subfield><subfield code="k">Early American Newspapers</subfield><subfield code="w">(OCoLC)34154772</subfield></datafield><datafield ind1="0" ind2="0" tag="780"><subfield code="t">Minerva, &amp; mercantile evening advertiser</subfield><subfield code="w">(DLC)sn 83030356</subfield><subfield code="w">(OCoLC)9455779</subfield></datafield><datafield ind1="0" ind2="0" tag="785"><subfield code="t">New-York commercial advertiser (New York, N.Y. : 1804)</subfield><subfield code="w">(DLC)sn 83030231</subfield><subfield code="w">(OCoLC)9450509</subfield></datafield><datafield ind1=" " ind2=" " tag="938"><subfield code="a">Kirtas Technologies, Inc.</subfield><subfield code="b">KRTS</subfield><subfield code="n">736570</subfield></datafield></record>